@online{knuthwebsite,
    author        = {Donald Knuth},
    title         = {Knuth: Computers and Typesetting},
    year          = {1984},
    url           = {http://www-cs-faculty.stanford.edu/~uno/abcde.html}
}

@online{banks,
    author        = {Lee Ann Obringer},
    title         = {HowStuffWorks: How Banks Work},
    year          = {2002},
    url           = {https://money.howstuffworks.com/personal-finance/banking/bank.html}
}

@online{bank_req,
    author        = {T. Falk},
    title         = {What are the requirements to open a bank account?},
    year          = {2019},
    url           = {https://www.finder.com/requirements-to-open-a-bank-account}
}

@online{ad_block,
    author        = {Matthew Zajechowski},
    title         = {Relevance: Ad Blocking and Its Effects on Advertisers and Publishers},
    year          = {2016},
    url           = {https://www.relevance.com/ad-blocking-and-its-effects-on-advertisers-and-publishers/}
}

@online{pay_wall,
    author        = {Pietro Saccomani},
    title         = {Should You Add a Paywall to Your Site},
    year          = {2018},
    url           = {https://www.mobiloud.com/blog/paywall/}
}

@online{micropay,
    author        = {J. Frankenfield},
    title         = {Micropayment},
    year          = {2018},
    url           = {https://www.investopedia.com/terms/m/micropayment.asp.}
}

@Article{case_against_micro,
 author  = {A. Odlyzko},
 title   = {The Case Against Micropayments},
 journal = {Financial Cryptography},
 year    = {2003},
 volume  = {2742},
 pages   = {77â€“83},
}

@online{micropay_rev,
    author        = {R. D},
    title         = {Can the Bitcoin Lightning Network Revolutionise Online Publishing?},
    year          = {2019},
    url           = {https://www.newsbtc.com/2019/04/03/bitcoin-lightning-network/}
}
